<record><leader>00000cas a22000007a 4500</leader><controlfield tag="001">12894108</controlfield><controlfield tag="008">851211d18521853iauwr ne      0    0eng d</controlfield><datafield ind1=" " ind2=" " tag="010"><subfield code="a">sn 85050945 </subfield></datafield><datafield ind1=" " ind2=" " tag="040"><subfield code="a">INP</subfield><subfield code="b">eng</subfield><subfield code="c">INP</subfield><subfield code="d">CVF</subfield><subfield code="d">OCL</subfield><subfield code="d">OCLCQ</subfield><subfield code="d">OCLCO</subfield></datafield><datafield ind1=" " ind2=" " tag="042"><subfield code="a">msc</subfield></datafield><datafield ind1=" " ind2=" " tag="043"><subfield code="a">n-us-ia</subfield></datafield><datafield ind1="0" ind2=" " tag="130"><subfield code="a">Cedar County news-letter (Rochester, Iowa)</subfield></datafield><datafield ind1="1" ind2="4" tag="245"><subfield code="a">The Cedar County news-letter.</subfield></datafield><datafield ind1=" " ind2=" " tag="260"><subfield code="a">Rochester, Iowa :</subfield><subfield code="b">N.C. Swank,</subfield><subfield code="c">1852-</subfield></datafield><datafield ind1=" " ind2=" " tag="300"><subfield code="a">v.</subfield></datafield><datafield ind1=" " ind2=" " tag="310"><subfield code="a">Weekly</subfield></datafield><datafield ind1="0" ind2=" " tag="362"><subfield code="a">Vol. 1, no. 1 (Sept. 13, 1852)-</subfield></datafield><datafield ind1="1" ind2=" " tag="362"><subfield code="a">Ceased Sept. 17? 1853.</subfield></datafield><datafield ind1=" " ind2=" " tag="500"><subfield code="a">Editor: N.C. Swank, Sept. 13, 1852-&lt;Sept. 17, 1853&gt;.</subfield></datafield><datafield ind1=" " ind2="0" tag="651"><subfield code="a">Rochester (Iowa)</subfield><subfield code="v">Newspapers.</subfield></datafield><datafield ind1=" " ind2=" " tag="752"><subfield code="a">United States</subfield><subfield code="b">Iowa</subfield><subfield code="c">Cedar</subfield><subfield code="d">Rochester.</subfield></datafield><datafield ind1="0" ind2="0" tag="785"><subfield code="t">Cedar County news-letter (Tipton, Iowa)</subfield><subfield code="w">(DLC)sn 85049620</subfield></datafield></record>